@inproceedings{TextRunner,
  author    = {Banko, Michele and Cafarella, Michael J. and Soderland, Stephen and Broadhead, Matt and Etzioni, Oren},
  title     = {Open Information Extraction from the Web},
  year      = {2007},
  publisher = {Morgan Kaufmann Publishers Inc.},
  address   = {San Francisco, CA, USA},
  booktitle = {Proceedings of the 20th International Joint Conference on Artifical Intelligence},
  pages     = {2670–2676},
  numpages  = {7},
  location  = {Hyderabad, India},
  series    = {IJCAI'07}
}

@inproceedings{CoNLL-2003,
  title     = {Introduction to the {C}o{NLL}-2003 Shared Task: Language-Independent Named Entity Recognition},
  author    = {Tjong Kim Sang, Erik F.  and
      De Meulder, Fien},
  booktitle = {Proceedings of the Seventh Conference on Natural Language Learning at {HLT}-{NAACL} 2003},
  year      = {2003},
  url       = {https://www.aclweb.org/anthology/W03-0419},
  pages     = {142--147}
}

@inproceedings{CoNLL-2000,
  title     = {Introduction to the {C}o{NLL}-2000 Shared Task Chunking},
  author    = {Tjong Kim Sang, Erik F.  and
      Buchholz, Sabine},
  booktitle = {Fourth Conference on Computational Natural Language Learning and the Second Learning Language in Logic Workshop},
  year      = {2000},
  url       = {https://www.aclweb.org/anthology/W00-0726}
}

@inproceedings{TextRank,
  title     = {{T}ext{R}ank: Bringing Order into Text},
  author    = {Mihalcea, Rada  and
      Tarau, Paul},
  booktitle = {Proceedings of the 2004 Conference on Empirical Methods in Natural Language Processing},
  month     = jul,
  year      = {2004},
  address   = {Barcelona, Spain},
  publisher = {Association for Computational Linguistics},
  url       = {https://www.aclweb.org/anthology/W04-3252},
  pages     = {404--411}
}

@inproceedings{PageRank,
  author    = {Brin, Sergey and Page, Lawrence},
  title     = {The Anatomy of a Large-Scale Hypertextual Web Search Engine},
  year      = {1998},
  publisher = {Elsevier Science Publishers B. V.},
  address   = {NLD},
  booktitle = {Proceedings of the Seventh International Conference on World Wide Web 7},
  pages     = {107–117},
  numpages  = {11},
  keywords  = {search engines, Google, World Wide Web, information retrieval, PageRank},
  location  = {Brisbane, Australia},
  series    = {WWW7}
}

@misc{RoBERTa,
  title         = {RoBERTa: A Robustly Optimized BERT Pretraining Approach},
  author        = {Yinhan Liu and Myle Ott and Naman Goyal and Jingfei Du and Mandar Joshi and Danqi Chen and Omer Levy and Mike Lewis and Luke Zettlemoyer and Veselin Stoyanov},
  year          = {2019},
  eprint        = {1907.11692},
  archiveprefix = {arXiv},
  primaryclass  = {cs.CL}
}

@misc{ACE,
  author    = {Alexis Mitchell and Stephanie Strassel and Shudong Huang and Ramez Zakhary},
  title     = {ACE 2004 Multilingual Training Corpus LDC2005T09},
  publisher = {Philadelphia: Linguistic Data Consortium},
  year      = {2005}
}

@misc{OntoNotes,
  author    = {Ralph Weischedel and Martha Palmer and Mitchell Marcus and Eduard Hovy and Sameer Pradhan and Lance Ramshaw and Nianwen Xue and Ann Taylor and Jeff Kaufman and Michelle Franchini and Mohammed El-Bachouti and Robert Belvin and Ann Houston},
  title     = {OntoNotes Release 5.0 LDC2013T19},
  publisher = {Philadelphia: Linguistic Data Consortium},
  year      = {2013}
}

@article{Wikidata,
  author     = {Vrande\v{c}i\'{c}, Denny and Kr\"{o}tzsch, Markus},
  title      = {Wikidata: A Free Collaborative Knowledgebase},
  year       = {2014},
  issue_date = {October 2014},
  publisher  = {Association for Computing Machinery},
  address    = {New York, NY, USA},
  volume     = {57},
  number     = {10},
  issn       = {0001-0782},
  url        = {https://doi.org/10.1145/2629489},
  doi        = {10.1145/2629489},
  abstract   = {This collaboratively edited knowledgebase provides a common source of data for Wikipedia, and everyone else.},
  journal    = {Commun. ACM},
  month      = sep,
  pages      = {78–85},
  numpages   = {8}
}

@misc{NLTK_POS_Tagger,
  author       = {Matthew Honnibal},
  title        = {A Good Part-of-Speech Tagger in about 200 Lines of Python},
  howpublished = {Blog},
  url          = {https://explosion.ai/blog/part-of-speech-pos-tagger-in-python},
  year         = {2013}
}